<?xml version="1.0" encoding="UTF-8"?><record xmlns="http://www.loc.gov/MARC21/slim" xmlns:cinclude="http://apache.org/cocoon/include/1.0" xmlns:zs="http://www.loc.gov/zing/srw/">
  <leader>00554cz  a2200157n  4500</leader>
  <controlfield tag="001">n  78030378 </controlfield>
  <controlfield tag="003">DLC</controlfield>
  <controlfield tag="005">20120731075727.0</controlfield>
  <controlfield tag="008">780605n| aaannaab           |n aac      </controlfield>
  <datafield tag="010" ind1=" " ind2=" ">
    <subfield code="a">n  78030378 </subfield>
  </datafield>
  <datafield tag="040" ind1=" " ind2=" ">
    <subfield code="a">DLC</subfield>
    <subfield code="b">eng</subfield>
    <subfield code="c">DLC</subfield>
    <subfield code="d">DLC</subfield>
  </datafield>
  <datafield tag="046" ind1=" " ind2=" ">
    <subfield code="f">1915</subfield>
  </datafield>
  <datafield tag="100" ind1="1" ind2=" ">
    <subfield code="a">Kamo, Takeshi,</subfield>
    <subfield code="d">1915-</subfield>
  </datafield>
  <datafield tag="667" ind1=" " ind2=" ">
    <subfield code="a">THIS 1XX FIELD CANNOT BE USED UNDER RDA UNTIL THIS RECORD HAS BEEN REVIEWED AND/OR UPDATED</subfield>
  </datafield>
  <datafield tag="670" ind1=" " ind2=" ">
    <subfield code="a">Horie, T. SakkaĚ, 1949 (a.e.)</subfield>
    <subfield code="b">t.p. (Kamo Takeshi) colophon (b. 1915; w. Hasegawa Denki Seisakujo)</subfield>
  </datafield>
  <datafield tag="675" ind1=" " ind2=" ">
    <subfield code="a">Bunkajin, 1948;</subfield>
    <subfield code="a">Jinji koĚshinroku, 1977.</subfield>
  </datafield>
</record>